%%%%%%%%%%%%%%%%%%%%%%%%%%%%%%%%%%%%%%%%%%%%%%%%%%%%%%%%%%%%%%%%%%%%%%%%%%%%%%%%
% BIBLIOGRAFÍA                                                                 %
%                                                                              %
% Objetivo: Recopilar las referencias a información utilizadas y/o algunas     %
%           otras que puedan resultar interesantes                             %
%%%%%%%%%%%%%%%%%%%%%%%%%%%%%%%%%%%%%%%%%%%%%%%%%%%%%%%%%%%%%%%%%%%%%%%%%%%%%%%%
@article{owidforestsanddeforestation,
    author = {Hannah Ritchie and Max Roser},
    title = {Forests and Deforestation},
    journal = {Our World in Data},
    year = {2021},
    note = {https://ourworldindata.org/forests-and-deforestation}
}

@inproceedings{inproceedings,
author = {Omar, Hamdan and O, Nor and AD, Nurul and Faidi, Azahari and Kassim, Abd Rahman},
year = {2015},
month = {10},
pages = {},
title = {AIRBORNE LIDAR FOR ESTIMATING ABOVEGROUND BIOMASS IN DIPTEROCARP FORESTS OF MALAYSIA}
}
@misc{GISGeography_2023,
title={A complete guide to LIDAR: Light detection and ranging},
url={https://gisgeography.com/lidar-light-detection-and-ranging/}, 
journal={GIS Geography},
author={GISGeography},
year={2023},
month={Aug}} 


@Article{rs10071094,
AUTHOR = {Torresan, Chiara and Berton, Andrea and Carotenuto, Federico and Chiavetta, Ugo and Miglietta, Franco and Zaldei, Alessandro and Gioli, Beniamino},
TITLE = {Development and Performance Assessment of a Low-Cost UAV Laser Scanner System (LasUAV)},
JOURNAL = {Remote Sensing},
VOLUME = {10},
YEAR = {2018},
NUMBER = {7},
ARTICLE-NUMBER = {1094},
URL = {https://www.mdpi.com/2072-4292/10/7/1094},
ISSN = {2072-4292},
DOI = {10.3390/rs10071094}
}

@article{articleauto,
author = {Royo, Santiago and Ballesta-Garcia, Maria},
year = {2019},
month = {09},
pages = {4093},
title = {An Overview of Lidar Imaging Systems for Autonomous Vehicles},
volume = {9},
journal = {Applied Sciences},
doi = {10.3390/app9194093}
}


@Article{rs14010170,
AUTHOR = {Rodríguez-Puerta, Francisco and Gómez-García, Esteban and Martín-García, Saray and Pérez-Rodríguez, Fernando and Prada, Eva},
TITLE = {UAV-Based LiDAR Scanning for Individual Tree Detection and Height Measurement in Young Forest Permanent Trials},
JOURNAL = {Remote Sensing},
VOLUME = {14},
YEAR = {2022},
NUMBER = {1},
ARTICLE-NUMBER = {170},
URL = {https://www.mdpi.com/2072-4292/14/1/170},
ISSN = {2072-4292},
DOI = {10.3390/rs14010170}
}

@article{lidararque,
author = {Schindling, James and Gibbes, Cerian},
year = {2014},
month = {12},
pages = {},
title = {LiDAR as a tool for archaeological research: a case study},
volume = {6},
journal = {Archaeological and Anthropological Sciences},
doi = {10.1007/s12520-014-0178-3}
}
@article{RIVERA2023107737,
title = {LiDAR applications in precision agriculture for cultivating crops: A review of recent advances},
journal = {Computers and Electronics in Agriculture},
volume = {207},
pages = {107737},
year = {2023},
issn = {0168-1699},
doi = {https://doi.org/10.1016/j.compag.2023.107737},
url = {https://www.sciencedirect.com/science/article/pii/S0168169923001254},
author = {Gilberto Rivera and Raúl Porras and Rogelio Florencia and J. Patricia Sánchez-Solís},
keywords = {Agriculture 5.0, Remote sensing, Light detection and ranging, Point cloud processing, Food sustainability},
}

@article{lidarcity,
author = {Lesparre, J. and Gorte, Ben},
year = {2012},
month = {07},
pages = {1-4},
title = {Simplified 3d city models from lidar},
volume = {XXXIX-B2},
journal = {ISPRS - International Archives of the Photogrammetry, Remote Sensing and Spatial Information Sciences},
doi = {10.5194/isprsarchives-XXXIX-B2-1-2012}
}

@article{ASPRS-LAS,
    author = {The American Society for Photogrammetry & Remote Sensing},
    title = {{LAS Classification Standard}},
    journal = {ASPRS Standards},
    year = {2019},
    month = {03},
    URL = {https://www.asprs.org/wp-content/uploads/2019/03/LAS_1_4_r14.pdf},
}


@article{pointnet,
    author = {Ruizhongtai Qi, Charles and Su, Hao and Mo, Kaichun and Guibas, Leonidas},
    year = {2016},
    month = {12},
    pages = {},
    title = {PointNet: Deep Learning on Point Sets for 3D Classification and Segmentation}
}

@article{dbscan,
author = {Difrancesco, Paul-Mark and Bonneau, David and Hutchinson, D.},
year = {2020},
month = {06},
pages = {1885},
title = {The Implications of M3C2 Projection Diameter on 3D Semi-Automated Rockfall Extraction from Sequential Terrestrial Laser Scanning Point Clouds},
volume = {12},
journal = {Remote Sensing},
doi = {10.3390/rs12111885}
}

@article{scrum,
author = {Carvalho, Bernardo and Henrique, Carlos and Mello, Carlos},
year = {2011},
month = {01},
pages = {39-49},
title = {Scrum agile product development method -literature review, analysis and classification},
volume = {9},
journal = {Product: Management & Development},
doi = {10.4322/pmd.2011.005}
}

@inproceedings{inproceedings,
author = {Boateng, Kwame and Nunoo-Mensah, Henry and Nketiah, Kingsley},
year = {2015},
month = {08},
pages = {},
title = {eLAB: An electronic lab simulation tool}
}

@Article{rs15061619,
AUTHOR = {Pu, Yihan and Xu, Dandan and Wang, Haobin and Li, Xin and Xu, Xia},
TITLE = {A New Strategy for Individual Tree Detection and Segmentation from Leaf-on and Leaf-off UAV-LiDAR Point Clouds Based on Automatic Detection of Seed Points},
JOURNAL = {Remote Sensing},
VOLUME = {15},
YEAR = {2023},
NUMBER = {6},
ARTICLE-NUMBER = {1619},
URL = {https://www.mdpi.com/2072-4292/15/6/1619},
ISSN = {2072-4292},
DOI = {10.3390/rs15061619}
}

@article{ZHANG2023100088,
title = {A tree detection method based on trunk point cloud section in dense plantation forest using drone LiDAR data},
journal = {Forest Ecosystems},
volume = {10},
pages = {100088},
year = {2023},
issn = {2197-5620},
doi = {https://doi.org/10.1016/j.fecs.2023.100088},
url = {https://www.sciencedirect.com/science/article/pii/S2197562023000039},
author = {Yupan Zhang and Yiliu Tan and Yuichi Onda and Asahi Hashimoto and Takashi Gomi and Chenwei Chiu and Shodai Inokoshi},
keywords = {Tree detection, Trunk sections, Forest, Drone, LiDAR},
}
@misc{saldoc,
title = {Tablas retributivas UDC},
year = {2023},
url ={https://www.udc.es/es/goberno/equipo_reitoral/xerencia/servizos/retribucions_seguridade_social_e_accion_social/taboas_retributivas/},
}

@misc{saljun,
title = {Estimacion del Salario de un Programador Junior},
journal = {Hack a Boss},
year = {2023},
url ={https://www.hackaboss.com/blog/cuanto-gana-programador-salario-espana},
}
@misc{costjet,
title = {Costes del software Pycharm},
journal = {JetBrains},
year = {2023},
url ={https://www.jetbrains.com/pycharm/buy/?var=1#commercial?billing=monthly},
}

@misc{luxdata,
title = {LiDAR 2019 - Relevé 3D du territoire luxembourgeois},
year = {2019},
url ={https://data.public.lu/en/datasets/lidar-2019-releve-3d-du-territoire-luxembourgeois},
}

@article{imgConf,
author = {Anderson, Christopher},
year = {2018},
month = {10},
pages = {e5666},
title = {The CCB-ID approach to tree species mapping with airborne imaging spectroscopy},
volume = {6},
journal = {PeerJ},
doi = {10.7717/peerj.5666}
}

@book{python,
  title = {Python Programming Language},
  author = {Python Software Foundation},
  year = {1991},
  url = {https://www.python.org/},
}

@manual{conda,
  title = {Conda: Package and Environment Manager},
  author = {Anaconda, Inc.},
  year = {2012},
  url = {https://conda.io/},
}

@manual{pdal,
  title = {PDAL: Point Data Abstraction Library},
  author = {PDAL Development Team},
  year = {2012},
  url = {https://pdal.io/},
}

@misc{Open3d,
title = {Open3D A Modern Library for 3D Data Processing},
url ={http://www.open3d.org/},
}

@misc{Whitebox,
   title = {WhiteboxTools},
    url ={https://www.whiteboxgeo.com/},
}
@misc{sweeden,
   title = {Forest area (% of land area) - Sweden},
    author = {World Bank Group},
    url ={https://data.worldbank.org/indicator/AG.LND.FRST.ZS?locations=SE},
}

@techreport{luxfores,
    author = {Tim Mirgain},
    title = {National Forestry Accounting Plan Luxembourg},
    institution = {Administration de l’environnement},
    year = {2018},
    month = {12},
    url = {https://environnement.public.lu/dam-assets/documents/for%C3%AAt/nfap/NFAP-2018.pdf}
}
